<?xml version="1.0" encoding="UTF-8"?><collection xmlns="http://www.loc.gov/MARC21/slim"><record><leader>00372nam--2200133-i-4500</leader><controlfield tag="001">000018177</controlfield><controlfield tag="002">20161230</controlfield><controlfield tag="005">20161230201032</controlfield><controlfield tag="008">060222s1000------------r-----000-0-eng-d</controlfield><datafield ind1=" " ind2=" " tag="080"><subfield code="a">535.338</subfield></datafield><datafield ind1=" " ind2=" " tag="100"><subfield code="a">Condon, E.U., Shortley, G.H</subfield></datafield><datafield ind1=" " ind2=" " tag="245"><subfield code="a">The theory of atomic spectra</subfield></datafield><datafield ind1=" " ind2=" " tag="260"><subfield code="a">Cambridge, At The University Press, Repr.1953 Si Repr.1957. Xiv + 441 P</subfield></datafield><datafield ind1=" " ind2=" " tag="852"><subfield code="a">10597</subfield></datafield></record></collection>